@article{EdisonAT13,
  author    = {Henry Edison and
               Nauman Bin Ali and
               Richard Torkar},
  title     = {Towards innovation measurement in the software industry},
  journal   = {Journal of Systems and Software},
  volume    = {86},
  number    = {5},
  pages     = {1390--1407},
  year      = {2013}
}

@inproceedings{teufel2006annotation, 
author = {Teufel, Simone and Siddharthan, Advaith and Tidhar, Dan}, 
title = {An annotation scheme for citation function}, 
year = {2009}, 
isbn = {193243271X}, 
publisher = {Association for Computational Linguistics}, 
address = {USA}, 
booktitle = {{Proceedings of the 7th SIGdial Workshop on Discourse and Dialogue}}, 
pages = {80--87}, 
location = {Sydney, Australia}, 
series = {SigDIAL '06}
}


@article{penders2018ten,
	title={Ten simple rules for responsible referencing},
	author={Penders, Bart},
	journal={PLoS computational biology},
	volume={14},
	number={4},
	year={2018},
	publisher={Public Library of Science}
}
